@unpublished{ Steijger2010-gammas,
       author = "J. J. M. Steijger",
       title = "Nikhef internal note 16 juni",
       year = "2010" }

@incollection{Pennink:2010,
    author = "Dorrith Pennink",
    title = "Analyse van het pulshoogte histogram",
    booktitle = "FOM verslag LIO's 2009 -- 2010",
    publisher = "FOM",
    year = "2010",
}
@book{Leo:1987,
  title={Techniques for Nuclear and Particle Physics Experiments: A How-To Approach},
  author={Leo, W.R.},
  year={1987},
  publisher={Springer-Verlag}
}

@book{evans:1955,
  title={The Atomic Nucleus},
  author={Evans, R. D.},
  year={1955},
  publisher={McGraw-Hill}
}

@article{Brown:1983ka,
      author         = "Brown, J.S. and Burnett, T. and Cook, V. and del Papa, C.
                        and Duncan, A.L. and others",
      title          = "{The Mark-{III} Time-of-flight System}",
      journal        = "Nucl.Instrum.Meth.",
      volume         = "A221",
      pages          = "503",
      doi            = "10.1016/0167-5087(84)90058-9",
      year           = "1984",
      reportNumber   = "SLAC-PUB-3180",
      SLACcitation   = "%%CITATION = NUIMA,A221,503;%%",
}

@incollection{Smith:2002,
    author = "E.S. Smith and R. Nasseripour",
    title = "Systematic Study of Time-walk Corrections for the TOF Counters",
    booktitle = "SLAC-NOTE-02-007",
    year = "2002"
}
