@unpublished{ Steijger2010-gammas,
       author = "J. J. M. Steijger",
       title = "Nikhef internal note 16 juni 2010",
       year = "2010" }

@incollection{Pennink:2010,
    author = "Dorrith Pennink",
    title = "Analyse van het pulshoogte histogram",
    booktitle = "FOM verslag LIO's 2009 -- 2010",
    publisher = "FOM",
    year = "2010",
}
